
@article{ WOS:001047402000001,
Author = {Hrabacka, Martin and Bulin, Radek and Hajzman, Michal},
Title = {New actuation planning method for the analysis and design of active
   tensegrity structures},
Journal = {ENGINEERING STRUCTURES},
Year = {2023},
Volume = {293},
Month = {OCT 15},
DOI = {10.1016/j.engstruct.2023.116597},
EarlyAccessDate = {JUL 2023},
Article-Number = {116597},
ISSN = {0141-0296},
EISSN = {1873-7323},
ResearcherID-Numbers = {Hajzman, Michal/N-7884-2016
   },
ORCID-Numbers = {Hajzman, Michal/0000-0002-5045-1833
   Bulin, Radek/0000-0002-3429-2975},
Unique-ID = {WOS:001047402000001},
}
