
@article{ WOS:000990470600001,
Author = {Krivosej, Jan and Benes, Petr and Zavrel, Jan and Balon, Ales and
   Halamka, Vojtech and Sika, Zbynek},
Title = {Energy efficient robots based on structures with tensegrity features and
   cable-driven mechanisms},
Journal = {MECHANISM AND MACHINE THEORY},
Year = {2023},
Volume = {187},
Month = {SEP},
DOI = {10.1016/j.mechmachtheory.2023.105364},
EarlyAccessDate = {APR 2023},
Article-Number = {105364},
ISSN = {0094-114X},
EISSN = {1873-3999},
ORCID-Numbers = {Balon, Ales/0000-0001-8725-4166
   Krivosej, Jan/0000-0001-8737-087X},
Unique-ID = {WOS:000990470600001},
}
